<record><leader>00000cas a22000007a 4500</leader><controlfield tag="001">36050160</controlfield><controlfield tag="008">961206c19959999mauwr ne      0    0eng d</controlfield><controlfield tag="009">9107</controlfield><datafield ind1=" " ind2=" " tag="010"><subfield code="a">sn 96076272 </subfield></datafield><datafield ind1=" " ind2=" " tag="040"><subfield code="a">MGN</subfield><subfield code="b">eng</subfield><subfield code="c">MGN</subfield></datafield><datafield ind1=" " ind2=" " tag="042"><subfield code="a">msc</subfield></datafield><datafield ind1="0" ind2=" " tag="130"><subfield code="a">Melrose reporter (Malden, Mass.)</subfield></datafield><datafield ind1="0" ind2="4" tag="245"><subfield code="a">The Melrose reporter.</subfield></datafield><datafield ind1=" " ind2=" " tag="260"><subfield code="a">Malden, MA :</subfield><subfield code="b">MCP, Inc.,</subfield></datafield><datafield ind1=" " ind2=" " tag="300"><subfield code="a">v.</subfield></datafield><datafield ind1=" " ind2=" " tag="310"><subfield code="a">Weekly</subfield></datafield><datafield ind1="0" ind2=" " tag="362"><subfield code="a">Vol. 1, no. 1 (May 25, 1995)-</subfield></datafield><datafield ind1=" " ind2=" " tag="752"><subfield code="a">United States</subfield><subfield code="b">Massachusetts</subfield><subfield code="c">Middlesex</subfield><subfield code="d">Malden.</subfield></datafield><datafield ind1=" " ind2=" " tag="752"><subfield code="a">United States</subfield><subfield code="b">Massachusetts</subfield><subfield code="c">Middlesex</subfield><subfield code="d">Melrose.</subfield></datafield></record>